@book{fox,
  title={The structure of German},
  author={Fox, Anthony},
  year={1990},
  publisher={Oxford University Press, USA}
}

@misc{ec,
author = {European Commission},
year = {2004},
title = {{Many tongues, one family. Languages in the European Union.}}
}

@book{cgg,
  title={A concise German grammar},
  author={Buck, Timothy},
  year={1999},
  publisher={Oxford University Press}
}

@book{glli,
  title={The German language: A linguistic introduction},
  author={Boase-Beier, Jean and Lodge, Ken R},
  year={2008},
  publisher={Wiley-Blackwell}
}

@book{ndg,
  title={Neue Deutsche Grammatik},
  author={Yousheng Cai, Xiesong Jiang},
  year={1999},
  publisher={Shanghai Foreign Language Education Press}
}

@inproceedings{lez98,
  title={A freely available morphological analyzer, disambiguator and context sensitive lemmatizer for German},
  author={Lezius, Wolfgang and Rapp, Reinhard and Wettler, Manfred},
  booktitle={Proceedings of the 17th international conference on Computational linguistics-Volume 2},
  pages={743--748},
  year={1998},
  organization={Association for Computational Linguistics}
}

@inproceedings{lez96,
  title={Morphologiesystem Morphy},
  author={Lezius, Wolfgang},
  booktitle={Linguistische Verifikation, Dokumentation zur ersten Morpholympics 94},
  pages={25--35},
  year={1996}
}

@inproceedings{sch04,
  title={SMOR: A German computational morphology covering derivation, composition and inflection},
  author={Schmid, Helmut and Fitschen, Arne and Heid, Ulrich},
  booktitle={Proceedings of LREC 2004},
  pages={1263--1266},
  year={2004},
  organization={Citeseer}
}

@inproceedings{lez00,
  title={Morphy-German morphology, part-of-speech tagging and applications},
  author={Lezius, Wolfgang},
  booktitle={Proceedings of the 9th EURALEX International Congress},
  pages={619--623},
  year={2000}
}

